@article{Francini2024,
  title={Forest species mapping via Sentinel-2 and inventory data: A machine learning approach at scale},
  author={Francini, Saverio and Chirici, Gherardo and Giannetti, Francesca and D'Amico, Giovanni and Vangi, Elia and Travaglini, Davide and Marchetti, Marco and McRoberts, Ronald E. and Tomppo, Erkki and Mejía-Domínguez, Nur R. and Pecchi, Matteo and Marchi, Michela},
  journal={Remote Sensing of Environment},
  volume={301},
  pages={113920},
  year={2024},
  publisher={Elsevier},
  doi={10.1016/j.rse.2023.113920}
}

@book{Frelich2002,
  title={Forest dynamics and disturbance regimes: studies from temperate evergreen-deciduous forests},
  author={Frelich, Lee E.},
  year={2002},
  publisher={Cambridge University Press},
  address={Cambridge, UK},
  isbn={9780521650700}
}

@article{JarvisLeverenz1983,
  title={Productivity of temperate, deciduous and evergreen forests},
  author={Jarvis, P. G. and Leverenz, J. W.},
  journal={Physiological Plant Ecology IV},
  volume={12},
  pages={233--280},
  year={1983},
  publisher={Springer-Verlag},
  address={Berlin, Germany},
  doi={10.1007/978-3-642-68156-1_9}
}

@article{JonssonEklundh2002,
  title={Seasonality extraction by function fitting to time-series of satellite sensor data},
  author={J{\"o}nsson, P. and Eklundh, L.},
  journal={IEEE Transactions on Geoscience and Remote Sensing},
  volume={40},
  number={8},
  pages={1824--1832},
  year={2002},
  publisher={IEEE},
  doi={10.1109/TGRS.2002.802519}
}

@article{Low2020,
  title={Phenology Modelling and Forest Disturbance Mapping with Sentinel-2 Time Series in Austria},
  author={L{\"o}w, Markus and Koukal, Tatjana},
  journal={Remote Sensing},
  volume={12},
  number={24},
  pages={4191},
  year={2020},
  publisher={MDPI},
  doi={10.3390/rs12244191}
}

@article{Hargrove2009,
  title={A new hierarchical approach to ecological land classification applied to the continental United States},
  author={Hargrove, William W. and Hoffman, Forrest M.},
  journal={Environmental Management},
  volume={42},
  number={3},
  pages={469--484},
  year={2009},
  publisher={Springer}
}

@misc{EU2024a,
  title={Copernicus Land Monitoring Service: Dominant Leaf Type 2018},
  author={{European Union}},
  year={2024},
  howpublished={\url{https://land.copernicus.eu/pan-european/high-resolution-layers/forests/dominant-leaf-type}},
  note={Accessed: 2024-01-15}
}

@misc{EU2024b,
  title={Copernicus Land Monitoring Service: High Resolution Vegetation Phenology and Productivity},
  author={{European Union}},
  year={2024},
  howpublished={\url{https://land.copernicus.eu/pan-european/biophysical-parameters/high-resolution-vegetation-phenology-and-productivity}},
  note={Accessed: 2024-01-15}
}

@misc{IGN2024,
  title={BD Forêt V2: Base de données forestière de l'IGN},
  author={{Institut national de l'information géographique et forestière}},
  year={2024},
  howpublished={\url{https://geoservices.ign.fr/bdforet}},
  note={Accessed: 2024-01-15}
}

@article{Huete2002,
  title={Overview of the radiometric and biophysical performance of the MODIS vegetation indices},
  author={Huete, Alfredo and Didan, Kamel and Miura, Tomoaki and Rodriguez, E. Patricia and Gao, Xiang and Ferreira, Laerte G.},
  journal={Remote Sensing of Environment},
  volume={83},
  number={1-2},
  pages={195--213},
  year={2002},
  publisher={Elsevier}
}

@article{Roy2006,
  title={A general method to normalize Landsat reflectance data to nadir BRDF adjusted reflectance},
  author={Roy, David P. and Ju, Junchang and Lewis, Philip and Schaaf, Crystal and Gao, Feng and Hansen, Matthew and Lindquist, Eric},
  journal={Remote Sensing of Environment},
  volume={100},
  number={3},
  pages={255--270},
  year={2006},
  publisher={Elsevier}
}

@article{Dutrieux2021,
  title={Monitoring tropical forest degradation using satellite imagery and machine learning},
  author={Dutrieux, Loïc P. and Bartholomeus, Harm and Herold, Martin and Verbesselt, Jan},
  journal={Remote Sensing},
  volume={13},
  number={11},
  pages={2118},
  year={2021},
  publisher={MDPI}
}


@article{Inglada2017,
  title={Operational high resolution land cover map production at the country scale using satellite image time series},
  author={Inglada, Jordi and Vincent, Arthur and Arias, Marcela and Tardy, Benjamin and Morin, David and Rodes, Isabel},
  journal={Remote Sensing},
  volume={9},
  number={1},
  pages={95},
  year={2017},
  publisher={MDPI},
  doi={10.3390/rs9010095}
}

@article{Wilson2018,
  title={Harmonic regression of Landsat time series for modeling attributes from national forest inventory data},
  author={Wilson, Barry T. and Knight, Joseph F. and McRoberts, Ronald E.},
  journal={ISPRS Journal of Photogrammetry and Remote Sensing},
  volume={137},
  pages={29--46},
  year={2018},
  publisher={Elsevier},
  doi={10.1016/j.isprsjprs.2018.01.006}
}

@article{Li2023,
  title={Mapping evergreen forests using a new phenology index, time series Sentinel-1/2 and Google Earth Engine},
  author={Li, Xiaolei and Zhou, Yuke and Meng, Lingchao and Asrar, Ghassem R. and Lu, Chao and Wu, Qiong},
  journal={Ecological Indicators},
  volume={149},
  pages={110157},
  year={2023},
  publisher={Elsevier},
  doi={10.1016/j.ecolind.2023.110157}
}

@article{Bolton2020,
  title={Continental-scale land surface phenology from harmonized Landsat 8 and Sentinel-2 imagery},
  author={Bolton, Douglas K. and Gray, Josh M. and Melaas, Eli K. and Moon, Maggie and Eklundh, Lars and Friedl, Mark A.},
  journal={Remote Sensing of Environment},
  volume={240},
  pages={111685},
  year={2020},
  publisher={Elsevier},
  doi={10.1016/j.rse.2020.111685}
}

@article{Belgiu2016,
  title={Random forest in remote sensing: A review of applications and future directions},
  author={Belgiu, Mariana and Dr{\u{a}}gu{\c{t}}, Lucian},
  journal={ISPRS Journal of Photogrammetry and Remote Sensing},
  volume={114},
  pages={24--31},
  year={2016},
  publisher={Elsevier},
  doi={10.1016/j.isprsjprs.2016.01.011}
}

@article{Zhao2019,
  title={Detecting change-point, trend, and seasonality in satellite time series data to track abrupt changes and nonlinear dynamics: A Bayesian ensemble algorithm},
  author={Zhao, Kaiguang and Wulder, Michael A. and Hu, Tongxi and Bright, Ryan and Wu, Qiongyu and Qin, Haiming and Li, Yang and Toman, Eric and Mallick, Biswarup and Zhang, Xin and Brown, Merlyn},
  journal={Remote Sensing of Environment},
  volume={232},
  pages={111181},
  year={2019},
  publisher={Elsevier},
  doi={10.1016/j.rse.2019.04.034}
}

@article{Zhu2014,
  title={Continuous change detection and classification of land cover using all available Landsat data},
  author={Zhu, Zhe and Woodcock, Curtis E.},
  journal={Remote Sensing of Environment},
  volume={144},
  pages={152--171},
  year={2014},
  publisher={Elsevier},
  doi={10.1016/j.rse.2014.01.011}
}

@misc{ONF,
  title={Office National des Forêts},
  author={{Office National des Forêts}},
  year={2024},
  howpublished={\url{https://www.onf.fr}},
  note={Accessed: 2024-01-15}
}

@misc{IGN_LiDARHD,
  title={LiDAR HD: Lidar haute densité sur l'ensemble du territoire},
  author={{Institut national de l'information géographique et forestière}},
  year={2024},
  howpublished={\url{https://geoservices.ign.fr/lidarhd}},
  note={Accessed: 2024-01-15}
}

@inproceedings{Cong2022,
  title={SatMAE: Pre-training Transformers for Temporal and Multi-Spectral Satellite Imagery},
  author={Cong, Yezhen and Khanna, Samar and Meng, Chenlin and Liu, Patrick and Rozi, Erik and He, Yutong and Burke, Marshall and Lobell, David B. and Ermon, Stefano},
  booktitle={Advances in Neural Information Processing Systems},
  volume={35},
  pages={197--211},
  year={2022}
}

@article{gaydon2024pureforestlargescaleaeriallidar,
  title={PureForest: A Large-scale Aerial Lidar and Aerial Imagery Dataset for Tree Species Classification},
  author={Gaydon, Maxime and others},
  journal={Remote Sensing},
  year={2024},
  note={To be completed with full citation details}
}

@techreport{ulrich:hal-03444393,
  title={RENECOFOR: National Forest Monitoring Network},
  author={Ulrich, E. and others},
  institution={Office National des Forêts},
  year={2021},
  note={To be completed with full citation details}
}